<?xml version="1.0" encoding="UTF-8"?><collection xmlns="http://www.loc.gov/MARC21/slim"><record><leader>00499nam--2200181-i-4500</leader><controlfield tag="001">000024519</controlfield><controlfield tag="002">20161230</controlfield><controlfield tag="005">20161230201035</controlfield><controlfield tag="008">060222s1000------------r-----000-0-eng-d</controlfield><datafield ind1=" " ind2=" " tag="040"><subfield code="a">IFIN-HH</subfield></datafield><datafield ind1=" " ind2=" " tag="080"><subfield code="a">621.375.826</subfield></datafield><datafield ind1="1" ind2=" " tag="100"><subfield code="a">Rhodes, Ch.K</subfield></datafield><datafield ind1="1" ind2="0" tag="245"><subfield code="a">Topics in applied physics. vol. 30. excimer lasers</subfield><subfield code="c">Ch.k. rhodes (ed.)</subfield></datafield><datafield ind1=" " ind2=" " tag="260"><subfield code="a">Berlin</subfield><subfield code="b">Springer-verlag</subfield><subfield code="c">1979</subfield></datafield><datafield ind1=" " ind2=" " tag="300"><subfield code="a">IX + 194P</subfield></datafield><datafield ind1=" " ind2=" " tag="490"><subfield code="a">Topics In Applied Physics, 30</subfield></datafield><datafield ind1=" " ind2=" " tag="852"><subfield code="a">40951</subfield><subfield code="c">53</subfield></datafield><datafield ind1=" " ind2=" " tag="CAT"><subfield code="a">Sys</subfield><subfield code="c">20150318</subfield><subfield code="h">085822</subfield></datafield></record></collection>